<record><leader>00000cas a22000007a 4500</leader><controlfield tag="001">16835938</controlfield><controlfield tag="008">871009d190u1943txuwr ne      0    0eng d</controlfield><datafield ind1=" " ind2=" " tag="010"><subfield code="a">sn 87090975 </subfield></datafield><datafield ind1=" " ind2=" " tag="040"><subfield code="a">PPM</subfield><subfield code="b">eng</subfield><subfield code="c">PPM</subfield><subfield code="d">OCLCQ</subfield></datafield><datafield ind1=" " ind2=" " tag="042"><subfield code="a">msc</subfield></datafield><datafield ind1="0" ind2="4" tag="245"><subfield code="a">The Midlothian argus.</subfield></datafield><datafield ind1=" " ind2=" " tag="260"><subfield code="a">Midlothian, Tex. :</subfield><subfield code="b">Buck W. Brown</subfield></datafield><datafield ind1=" " ind2=" " tag="310"><subfield code="a">Weekly</subfield></datafield><datafield ind1="0" ind2=" " tag="362"><subfield code="a">-v. 51, no. 24 (Nov. 19, 1943).</subfield></datafield><datafield ind1=" " ind2=" " tag="588"><subfield code="a">Description based on: Vol. 17, no. 1 (Jan. 15, 1909).</subfield></datafield><datafield ind1=" " ind2=" " tag="752"><subfield code="a">United States</subfield><subfield code="b">Texas</subfield><subfield code="c">Ellis</subfield><subfield code="d">Midlothian.</subfield></datafield><datafield ind1="0" ind2="0" tag="780"><subfield code="t">Midlothian argus-news</subfield><subfield code="w">(DLC)sn9300068252</subfield></datafield><datafield ind1="0" ind2="0" tag="785"><subfield code="t">Midlothian mirror</subfield><subfield code="w">(DLC)sn 87090823</subfield></datafield><datafield ind1="1" ind2=" " tag="029"><subfield code="a">AU@</subfield><subfield code="b">000025833132</subfield></datafield></record>